@report{notas_B2,
  author = {López Chávez, Hans Igor},
  title  = {Notas de Clase: Elementos de Comunicación Científica: Póster},
  year   = {2021},
  institution = {Universidad Distrital Francisco José de Caldas} 
}